@book{sample,
  author    = {Hiroki Hamaguchi},
  title     = {sample},
  year      = {2025},
  publisher = {Sample Publisher}
}